<?xml version="1.0" encoding="UTF-8"?><collection xmlns="http://www.loc.gov/MARC21/slim"><record><leader>00581nam--2200169-i-4500</leader><controlfield tag="001">000046315</controlfield><controlfield tag="002">20161230</controlfield><controlfield tag="005">20161230201045</controlfield><controlfield tag="008">060222s1000------------r-----000-0-eng-d</controlfield><datafield ind1=" " ind2=" " tag="040"><subfield code="a">IFIN-HH</subfield></datafield><datafield ind1=" " ind2=" " tag="080"><subfield code="a">537.311.33</subfield></datafield><datafield ind1="1" ind2=" " tag="100"><subfield code="a">Vant-hull, Lorin Lee</subfield></datafield><datafield ind1="1" ind2="0" tag="245"><subfield code="a">Verification of long range quantum phase coherence in superconducting utilizing electromagnetically stabilized josephson junctions</subfield><subfield code="b">Dissertation</subfield><subfield code="c">Lorin lee vant-hull</subfield></datafield><datafield ind1=" " ind2=" " tag="260"><subfield code="a">Ann Arbor, Michigan</subfield><subfield code="b">University Microfilms, Inc</subfield><subfield code="c">1967</subfield></datafield><datafield ind1=" " ind2=" " tag="300"><subfield code="a">83P</subfield></datafield><datafield ind1=" " ind2=" " tag="852"><subfield code="a">29265</subfield><subfield code="c">537.311.33</subfield></datafield><datafield ind1=" " ind2=" " tag="CAT"><subfield code="a">Sys</subfield><subfield code="c">20110720</subfield><subfield code="h">141721</subfield></datafield></record></collection>